<record><leader>00000cas a22000007a 4500</leader><controlfield tag="001">12961326</controlfield><controlfield tag="008">851231d19181919aludr ne      0    0eng d</controlfield><datafield ind1=" " ind2=" " tag="010"><subfield code="a">sn 85045156 </subfield></datafield><datafield ind1=" " ind2=" " tag="040"><subfield code="a">AAR</subfield><subfield code="b">eng</subfield><subfield code="c">AAR</subfield><subfield code="d">CPN</subfield><subfield code="d">OCLCQ</subfield></datafield><datafield ind1=" " ind2=" " tag="042"><subfield code="a">msc</subfield></datafield><datafield ind1="0" ind2="4" tag="245"><subfield code="a">The Anniston star and the daily hot blast.</subfield></datafield><datafield ind1="3" ind2="0" tag="246"><subfield code="a">Anniston star and daily hot blast</subfield></datafield><datafield ind1="1" ind2="3" tag="246"><subfield code="a">Anniston Sunday star and the daily hot blast</subfield></datafield><datafield ind1=" " ind2=" " tag="260"><subfield code="a">Anniston, Ala. :</subfield><subfield code="b">Consolidated Pub. Co.,</subfield><subfield code="c">1918-1919.</subfield></datafield><datafield ind1=" " ind2=" " tag="300"><subfield code="a">v. :</subfield><subfield code="b">ill. ;</subfield><subfield code="c">57-58 cm.</subfield></datafield><datafield ind1=" " ind2=" " tag="310"><subfield code="a">Daily</subfield></datafield><datafield ind1="0" ind2=" " tag="362"><subfield code="a">Vol. 36, no. 86 (Jan. 24, 1918)-v. 37, no. 187 [i.e. 188] (Mar. 14, 1919).</subfield></datafield><datafield ind1=" " ind2=" " tag="500"><subfield code="a">Title varies slightly.</subfield></datafield><datafield ind1=" " ind2=" " tag="752"><subfield code="a">United States</subfield><subfield code="b">Alabama</subfield><subfield code="c">Calhoun</subfield><subfield code="d">Anniston.</subfield></datafield><datafield ind1="0" ind2="0" tag="780"><subfield code="t">Anniston evening star and the daily hot blast</subfield><subfield code="w">(DLC)sn 85045155</subfield></datafield><datafield ind1="0" ind2="0" tag="785"><subfield code="t">Anniston star</subfield><subfield code="w">(DLC)sn 85045157</subfield></datafield></record>